<record><leader>00000cas a22000007a 4500</leader><controlfield tag="001">20994055</controlfield><controlfield tag="008">900202d18681872mouir ne      0    0eng d</controlfield><datafield ind1=" " ind2=" " tag="010"><subfield code="a">sn 90061158 </subfield></datafield><datafield ind1=" " ind2=" " tag="040"><subfield code="a">MQN</subfield><subfield code="b">eng</subfield><subfield code="c">MQN</subfield><subfield code="d">NVF</subfield><subfield code="d">OCLCQ</subfield><subfield code="d">OCLCF</subfield><subfield code="d">OCLCO</subfield></datafield><datafield ind1=" " ind2=" " tag="042"><subfield code="a">msc</subfield></datafield><datafield ind1=" " ind2=" " tag="043"><subfield code="a">n-us-mo</subfield></datafield><datafield ind1="0" ind2=" " tag="130"><subfield code="a">Missouri Democrat (Saint Louis, Mo. : Triweekly)</subfield></datafield><datafield ind1="1" ind2="4" tag="245"><subfield code="a">The Missouri Democrat.</subfield></datafield><datafield ind1=" " ind2=" " tag="260"><subfield code="a">St. Louis, Mo. :</subfield><subfield code="b">M'Kee, Fishback &amp; Co.</subfield></datafield><datafield ind1=" " ind2=" " tag="300"><subfield code="a">v.</subfield></datafield><datafield ind1=" " ind2=" " tag="310"><subfield code="a">Triweekly</subfield></datafield><datafield ind1="1" ind2=" " tag="362"><subfield code="a">Began in May 1868; ceased in Dec. 1872?</subfield></datafield><datafield ind1=" " ind2=" " tag="515"><subfield code="a">Numbered with daily ed.</subfield></datafield><datafield ind1=" " ind2=" " tag="588"><subfield code="a">Description based on: Vol. 16, no. 227 (May 13, 1868).</subfield></datafield><datafield ind1=" " ind2="0" tag="651"><subfield code="a">Saint Louis (Mo.)</subfield><subfield code="v">Newspapers.</subfield></datafield><datafield ind1=" " ind2="7" tag="655"><subfield code="a">Newspapers.</subfield><subfield code="2">fast</subfield><subfield code="0">(OCoLC)fst01423814</subfield></datafield><datafield ind1=" " ind2="7" tag="651"><subfield code="a">Missouri</subfield><subfield code="z">Saint Louis.</subfield><subfield code="2">fast</subfield><subfield code="0">(OCoLC)fst01204930</subfield></datafield><datafield ind1=" " ind2=" " tag="752"><subfield code="a">United States</subfield><subfield code="b">Missouri</subfield><subfield code="d">Saint Louis.</subfield></datafield><datafield ind1="0" ind2=" " tag="775"><subfield code="t">Missouri Democrat (Saint Louis, Mo. : Daily)</subfield><subfield code="w">(DLC)sn 84020154</subfield></datafield><datafield ind1="0" ind2=" " tag="775"><subfield code="t">Missouri Democrat (Saint Louis, Mo. : Weekly)</subfield><subfield code="w">(DLC)sn 84020218</subfield></datafield><datafield ind1="0" ind2="0" tag="780"><subfield code="t">Tri-weekly Missouri Democrat</subfield><subfield code="w">(DLC)sn 84024259</subfield></datafield></record>